Automatically generated by Mendeley Desktop 1.12.3
Any changes to this file will be lost if it is regenerated by Mendeley.

BibTeX export options can be customized via Preferences -> BibTeX in Mendeley Desktop

@misc{warlight,
annote = {Accessed: 2015-03-03},
howpublished = {\url{http://theaigames.com/competitions/warlight-ai-challenge-2}},
authors = {AI Games},
title = {{Warlight AI Challenge 2}},
urldate = {2015-03-03},
}
